@Article{gentle-intro-gnn,
    title = {A Gentle Introduction to Graph Neural Networks},
    author = {Benjamin Sanchez-Lengeling et al.},
    journal = {Distill},
    year = {2021},
    url = {https://distill.pub/2021/gnn-intro/},
    }

@Article{edm,
    title = {Equivariant Diffusion for Molecule Generation in 3D},
    author = {Emiel Hoogeboom and Victor Garcia Satorras and Clement Vignac and Max Welling},
    journal = {International Conference on Machine Learning},
    year = {2022},
    url = {https://arxiv.org/abs/2203.17003},
    }

@Article{ddpm,
    title = {Denoising Diffusion Probabilistic Models},
    author = {Jonathan Ho and Ajay Jain and Pieter Abbeel},
    journal = {NeurIPS},
    year = {2020},
    url = {https://arxiv.org/abs/2006.11239},
    }

@Article{xu,
    title = {Geodiff: A geometric diffusion model for molecular conformation generation},
    author = {Minkai Xu et al.},
    journal = {International Conference on Learning Representations},
    year = {2022},
    url = {https://openreview.net/forum?id=3zJ9v6z1z1},
    }

@misc{gnn-101,
    author = {Chaitanya Joshi},
    title = {A Gentle Introduction to Geometric Graph Neural Networks},
    year = {2023},
    url = {https://colab.research.google.com/github/chaitjo/geometric-gnn-dojo/blob/main/geometric_gnn_101.ipynb},
    }

@misc{vignac2022topnequivariantsetgraph,
      title={Top-N: Equivariant set and graph generation without exchangeability}, 
      author={Clement Vignac and Pascal Frossard},
      year={2022},
      eprint={2110.02096},
      archivePrefix={arXiv},
      primaryClass={cs.LG},
      url={https://arxiv.org/abs/2110.02096}, 
}

@misc{gilmer2017neuralmessagepassingquantum,
      title={Neural Message Passing for Quantum Chemistry}, 
      author={Justin Gilmer and Samuel S. Schoenholz and Patrick F. Riley and Oriol Vinyals and George E. Dahl},
      year={2017},
      eprint={1704.01212},
      archivePrefix={arXiv},
      primaryClass={cs.LG},
      url={https://arxiv.org/abs/1704.01212}, 
}

@article{gebauer2018generating,
  title={Generating equilibrium molecules with deep neural networks},
  author={Gebauer, Niklas WA and Gastegger, Michael and Sch{\"u}tt, Kristof T},
  journal={arXiv preprint arXiv:1810.11347},
  year={2018}
}

@article{gebauer2019symmetry,
  title={Symmetry-adapted generation of 3d point sets for the targeted discovery of molecules},
  author={Gebauer, Niklas and Gastegger, Michael and Sch{\"u}tt, Kristof},
  journal={Advances in neural information processing systems},
  volume={32},
  year={2019}
}

@article{xu2021anytime,
  title={Anytime sampling for autoregressive models via ordered autoencoding},
  author={Xu, Yilun and Song, Yang and Garg, Sahaj and Gong, Linyuan and Shu, Rui and Grover, Aditya and Ermon, Stefano},
  journal={arXiv preprint arXiv:2102.11495},
  year={2021}
}

@inproceedings{kohler2020equivariant,
  title={Equivariant flows: exact likelihood generative learning for symmetric densities},
  author={K{\"o}hler, Jonas and Klein, Leon and No{\'e}, Frank},
  booktitle={International conference on machine learning},
  pages={5361--5370},
  year={2020},
  organization={PMLR}
}

@article{garcia2021n,
  title={E(n) equivariant normalizing flows},
  author={Garcia Satorras, Victor and Hoogeboom, Emiel and Fuchs, Fabian and Posner, Ingmar and Welling, Max},
  journal={Advances in Neural Information Processing Systems},
  volume={34},
  pages={4181--4192},
  year={2021}
}

@inproceedings{shi2021learning,
  title={Learning gradient fields for molecular conformation generation},
  author={Shi, Chence and Luo, Shitong and Xu, Minkai and Tang, Jian},
  booktitle={International conference on machine learning},
  pages={9558--9568},
  year={2021},
  organization={PMLR}
}

@article{ragoza2020learning,
  title={Learning a continuous representation of 3D molecular structures with deep generative models},
  author={Ragoza, Matthew and Masuda, Tomohide and Koes, David Ryan},
  journal={arXiv preprint arXiv:2010.08687},
  year={2020}
}

@article{ganea2021geomol,
  title={Geomol: Torsional geometric generation of molecular 3d conformer ensembles},
  author={Ganea, Octavian and Pattanaik, Lagnajit and Coley, Connor and Barzilay, Regina and Jensen, Klavs and Green, William and Jaakkola, Tommi},
  journal={Advances in Neural Information Processing Systems},
  volume={34},
  pages={13757--13769},
  year={2021}
}